<?xml version="1.0" encoding="UTF-8"?>
<record xmlns="http://www.loc.gov/MARC21/slim">
  <leader>03123ntm a22003497a 4500</leader>
  <controlfield tag="001">3512335</controlfield>
  <controlfield tag="005">20100422220200.0</controlfield>
  <controlfield tag="008">090115s1843    xx            000 i eng d</controlfield>
  <datafield tag="033" ind1="0" ind2="0">
    <subfield code="a">18430823</subfield>
  </datafield>
  <datafield tag="035" ind1=" " ind2=" ">
    <subfield code="a">3512335</subfield>
  </datafield>
  <datafield tag="040" ind1=" " ind2=" ">
    <subfield code="a">BRL</subfield>
  </datafield>
  <datafield tag="099" ind1=" " ind2=" ">
    <subfield code="a">Ms.A.9.2 v.19, p.20</subfield>
  </datafield>
  <datafield tag="100" ind1="1" ind2=" ">
    <subfield code="a">Collins, John A.</subfield>
    <subfield code="q">(John Anderson),</subfield>
    <subfield code="d">1810-1879.</subfield>
  </datafield>
  <datafield tag="245" ind1="1" ind2="0">
    <subfield code="a">[Letter to] Maria W. Chapman, My Dear Friend</subfield>
    <subfield code="h">[manuscript].</subfield>
  </datafield>
  <datafield tag="260" ind1=" " ind2=" ">
    <subfield code="a">New Hartford, [NY],</subfield>
    <subfield code="c">August 23, 1843.</subfield>
  </datafield>
  <datafield tag="300" ind1=" " ind2=" ">
    <subfield code="a">1 leaf (4 p.) ;</subfield>
    <subfield code="c">10 7/8 x 8 1/4 in.</subfield>
  </datafield>
  <datafield tag="500" ind1=" " ind2=" ">
    <subfield code="a">Holograph, signed.</subfield>
  </datafield>
  <datafield tag="500" ind1=" " ind2=" ">
    <subfield code="a">John Anderson Collins must either desist from labor or cease to live. He reports that the conventions were mostly well attended. George Bradburn &quot;felt quite grouty unless all creation turned out to hear him.&quot; He discusses the incident at Syracuse. The three days&apos; convention was large and interesting. A property meeting was held a day after the anti-slavery convention was adjourned. Abby Kelley [Foster] was there, and &quot;she is intolerable beyond degree.&quot; Miss Kelley brought Charles L. Remond and Frederick Douglass into a frenzied state against John A. Collins&apos;s course. Collins describes their furious tirades after he had made a brief address. Remond &quot;accused me of a breach of confidence, charged me with treachery and deceit, by smuggling this question in through the influence of anti-slavery, and publicly renounced all antislavery fellowship with me, and those who would sustain me.&quot; Frederick Douglass sustained Remond in his charges, and declared that if the writer continued in the field, he Douglass would resign his agency. John A. Collins defended himself at the meeting, explaining the attitude of the board, which had a &quot;broad, liberal, and catholic spirit,&quot; and he &quot;endeavored to apologize for Douglass and Remond.&quot; If their continuing their agencies depended on John A. Collins&apos;s resignation, the society would be deprived of their services. &quot;With scarcely an exception, their course was condemned.&quot; If John A. Collins was in good health, the little flare-up would not have occurred. Before reaching Syracuse, Collins decided that duty to his health and to the cause &quot;required cessation from labor.&quot; He explains that his &quot;eye had been fixed upon universal man,&quot; and that he considers slavery an effect of the social system. If the board thinks it advisable, John A. Collins will send in his resignation at once.</subfield>
  </datafield>
  <datafield tag="600" ind1="1" ind2="0">
    <subfield code="a">Chapman, Maria Weston,</subfield>
    <subfield code="d">1806-1885</subfield>
    <subfield code="v">Correspondence.</subfield>
  </datafield>
  <datafield tag="600" ind1="1" ind2="0">
    <subfield code="a">Collins, John A.</subfield>
    <subfield code="q">(John Anderson),</subfield>
    <subfield code="d">1810-1879</subfield>
    <subfield code="v">Correspondence.</subfield>
  </datafield>
  <datafield tag="600" ind1="1" ind2="0">
    <subfield code="a">Bradburn, George,</subfield>
    <subfield code="d">1806-1880.</subfield>
  </datafield>
  <datafield tag="600" ind1="1" ind2="0">
    <subfield code="a">Douglass, Frederick,</subfield>
    <subfield code="d">1818-1895.</subfield>
  </datafield>
  <datafield tag="600" ind1="1" ind2="0">
    <subfield code="a">Foster, Abby Kelley,</subfield>
    <subfield code="d">1811-1887.</subfield>
  </datafield>
  <datafield tag="600" ind1="1" ind2="0">
    <subfield code="a">Remond, Charles Lenox,</subfield>
    <subfield code="d">1810-1873.</subfield>
  </datafield>
  <datafield tag="650" ind1=" " ind2="0">
    <subfield code="a">Abolitionists</subfield>
    <subfield code="z">New York (State)</subfield>
  </datafield>
  <datafield tag="650" ind1=" " ind2="0">
    <subfield code="a">Antislavery movements</subfield>
    <subfield code="z">United States</subfield>
    <subfield code="x">History</subfield>
    <subfield code="y">19th century.</subfield>
  </datafield>
  <datafield tag="650" ind1=" " ind2="0">
    <subfield code="a">Women abolitionists</subfield>
    <subfield code="z">Massachusetts</subfield>
    <subfield code="z">Boston</subfield>
    <subfield code="y">19th century</subfield>
    <subfield code="v">Correspondence.</subfield>
  </datafield>
  <datafield tag="655" ind1=" " ind2="0">
    <subfield code="a">Letters.</subfield>
  </datafield>
  <datafield tag="655" ind1=" " ind2="0">
    <subfield code="a">Manuscripts.</subfield>
  </datafield>
  <datafield tag="700" ind1="1" ind2=" ">
    <subfield code="a">Chapman, Maria Weston,</subfield>
    <subfield code="d">1806-1885,</subfield>
    <subfield code="e">recipient.</subfield>
  </datafield>
  <datafield tag="830" ind1=" " ind2="0">
    <subfield code="a">Maria Weston Chapman Correspondence (1835-1885)</subfield>
  </datafield>
  <datafield tag="999" ind1=" " ind2=" ">
    <subfield code="a">shots: 4</subfield>
  </datafield>
</record>
